% Aquí se va dejando la bibliografía en formato BibTeX